<collection xmlns="http://www.loc.gov/MARC21/slim">
<record>
  <leader>00646nam0a22001691i 450 </leader>
  <controlfield tag="001">IT\ICCU\CNCE\023820</controlfield>
  <controlfield tag="005">20130327000000.0</controlfield>
  <datafield tag="100" ind1=" " ind2=" ">
    <subfield code="a">19970717d1564        0itac0103    ba</subfield>
  </datafield>
  <datafield tag="101" ind1=" " ind2=" ">
    <subfield code="a">ITA</subfield>
  </datafield>
  <datafield tag="102" ind1=" " ind2=" ">
    <subfield code="a">IT</subfield>
  </datafield>
  <datafield tag="200" ind1="1" ind2=" ">
    <subfield code="a">Bandi de&apos; danni dati di Monsignor Portico vicelegato della Marca con li decreti Casalens. et Rauennaten. ridotti in lingua volgare</subfield>
  </datafield>
  <datafield tag="210" ind1=" " ind2=" ">
    <subfield code="e">Stampati in Macerata</subfield>
    <subfield code="g">per Luca Bini Mantuanio</subfield>
    <subfield code="h">alli 7 de giugno 1564</subfield>
  </datafield>
  <datafield tag="620" ind1=" " ind2=" ">
    <subfield code="a">IT</subfield>
    <subfield code="d">Macerata</subfield>
  </datafield>
  <datafield tag="700" ind1=" " ind2="1">
    <subfield code="a">Portico,</subfield>
    <subfield code="b">Vincenzo</subfield>
    <subfield code="3">IT\ICCU\CNCA\006928</subfield>
  </datafield>
  <datafield tag="712" ind1="0" ind2="0">
    <subfield code="a">Bini, Luca</subfield>
    <subfield code="3">IT\ICCU\CNCT\000429</subfield>
    <subfield code="4">650</subfield>
  </datafield>
  <datafield tag="791" ind1="0" ind2="0">
    <subfield code="a">Binus, Lucas</subfield>
    <subfield code="3">IT\ICCU\CNCT\004394</subfield>
    <subfield code="z">Bini, Luca</subfield>
  </datafield>
  <datafield tag="801" ind1=" " ind2="3">
    <subfield code="a">IT</subfield>
    <subfield code="b">ICCU</subfield>
    <subfield code="c">20201114</subfield>
  </datafield>
</record>
</collection>
